@book{refa,
author = {authorA},
title = {title},
publisher = {publisher},
address = {address},
year = {year}
}
