@book{ref,
author = {author},
title = {title},
publisher = {publisher},
address = {address},
year = {year}
}
