@book{refb,
author = {authorB},
title = {title},
publisher = {publisher},
address = {address},
year = {year}
}
