@article{Virshup_2023,
	doi = {10.1038/s41587-023-01733-8},
	url = {https://doi.org/10.1038%2Fs41587-023-01733-8},
	year = 2023,
	month = {apr},
	publisher = {Springer Science and Business Media {LLC}},
	author = {Isaac Virshup and Danila Bredikhin and Lukas Heumos and Giovanni Palla and Gregor Sturm and Adam Gayoso and Ilia Kats and Mikaela Koutrouli and Philipp Angerer and Volker Bergen and Pierre Boyeau and Maren BÃ¼ttner and Gokcen Eraslan and David Fischer and Max Frank and Justin Hong and Michal Klein and Marius Lange and Romain Lopez and Mohammad Lotfollahi and Malte D. Luecken and Fidel Ramirez and Jeffrey Regier and Sergei Rybakov and Anna C. Schaar and Valeh Valiollah Pour Amiri and Philipp Weiler and Galen Xing and Bonnie Berger and Dana Pe'er and Aviv Regev and Sarah A. Teichmann and Francesca Finotello and F. Alexander Wolf and Nir Yosef and Oliver Stegle and Fabian J. Theis and},
	title = {The scverse project provides a computational ecosystem for single-cell omics data analysis},
	journal = {Nature Biotechnology}
}
@article{Ahlmann-Eltze2024,
	title = {Analysis of multi-condition single-cell data with latent embedding multivariate regression},
	author = {Ahlmann-Eltze, Constantin and Huber, Wolfgang},
	year = {2024},
	month = {02},
	url = {http://dx.doi.org/10.1101/2023.03.06.531268},
	journal = {bioRxiv},
}
@article{kang2018,
	title = {Multiplexed droplet single-cell RNA-sequencing using natural genetic variation},
	author = {Kang, Hyun Min and Subramaniam, Meena and Targ, Sasha and Nguyen, Michelle and Maliskova, Lenka and McCarthy, Elizabeth and Wan, Eunice and Wong, Simon and Byrnes, Lauren and Lanata, Cristina M and Gate, Rachel E and Mostafavi, Sara and Marson, Alexander and Zaitlen, Noah and Criswell, Lindsey A and Ye, Chun Jimmie},
	year = {2018},
	month = {01},
	date = {2018-01},
	journal = {Nature Biotechnology},
	pages = {89--94},
	volume = {36},
	number = {1},
	doi = {10.1038/nbt.4042},
	url = {http://www.nature.com/articles/nbt.4042},
	langid = {en}
}
