@book{ref,
author = {author},
title = {title},
publisher = {publisher},
address = {address},
volume = {volume},
number = {number},
year = {year}
}
